<?xml version="1.0" encoding="UTF-8"?><collection xmlns="http://www.loc.gov/MARC21/slim"><record><leader>00351nam--2200133-i-4500</leader><controlfield tag="001">000036687</controlfield><controlfield tag="002">20161230</controlfield><controlfield tag="005">20161230201041</controlfield><controlfield tag="008">060222s1000------------r-----000-0-eng-d</controlfield><datafield ind1=" " ind2=" " tag="080"><subfield code="a">533.9(061.3)</subfield></datafield><datafield ind1=" " ind2=" " tag="245"><subfield code="a">Plasma physics and controlled nuclear fusion research</subfield></datafield><datafield ind1=" " ind2=" " tag="260"><subfield code="a">Viena, I.A.E.A., 1991, 865p</subfield></datafield><datafield ind1=" " ind2=" " tag="490"><subfield code="a">Nuclear Fusion Suppl</subfield></datafield><datafield ind1=" " ind2=" " tag="852"><subfield code="a">79513</subfield></datafield></record></collection>